<?xml version="1.0" encoding="UTF-8"?><collection xmlns="http://www.loc.gov/MARC21/slim"><record><leader>00566nam--2200133-i-4500</leader><controlfield tag="001">000014191</controlfield><controlfield tag="002">20161230</controlfield><controlfield tag="005">20161230201030</controlfield><controlfield tag="008">060222s1000------------r-----000-0-eng-d</controlfield><datafield ind1=" " ind2=" " tag="245"><subfield code="a">Solid state devices 1980. nine invited papers presented at the tenth european solid state device research conference (essderc) and the fifth symposium on solid state device technolo gy held at the university of york</subfield></datafield><datafield ind1=" " ind2=" " tag="260"><subfield code="a">Bristol, Institute Of Physics, 1981</subfield></datafield><datafield ind1=" " ind2=" " tag="490"><subfield code="a">The Institute Of Physics, Conference Series, Nr 57</subfield></datafield><datafield ind1=" " ind2=" " tag="700"><subfield code="a">Carroll, J.E</subfield></datafield><datafield ind1=" " ind2=" " tag="852"><subfield code="a">621.3.049.774(061.3)</subfield></datafield></record></collection>